@misc{adam2019machine,
  author        = {Adam, Lukáš and Branda, Martin},
  title         = {Machine learning approach to chance-constrained problems: An algorithm based on the stochastic gradient descent},
  archiveprefix = {arXiv},
  eprint        = {10.48550/ARXIV.1905.10986},
  year          = {2019},
  copyright     = {arXiv.org perpetual, non-exclusive license}
}

@misc{adam2020deeptoppush,
  author        = {Adam, Lukáš and Mácha, Václav and Šmídl, Václav},
  title         = {DeepTopPush: Simple and Scalable Method for Accuracy at the Top},
  archiveprefix = {arXiv},
  year          = {2020},
  eprint        = {10.48550/ARXIV.2006.12293},
  copyright     = {arXiv.org perpetual, non-exclusive license}
}

@article{adam2020projections,
  author    = {Adam, Lukáš and Mácha, Václav},
  title     = {Projections onto the canonical simplex with additional linear inequalities},
  journal   = {Optimization Methods and Software},
  volume    = {37},
  number    = {2},
  pages     = {451-479},
  year      = {2022},
  publisher = {Taylor \& Francis},
  doi       = {10.1080/10556788.2020.1797023}
}

@article{adam2021general,
  author    = {Adam, Lukáš and Mácha, Václav and Šmídl, Václav and Pevný, Tomáš},
  title     = {General framework for binary classification on top samples},
  journal   = {Optimization Methods and Software},
  volume    = {37},
  number    = {5},
  pages     = {1636-1667},
  year      = {2022},
  publisher = {Taylor \& Francis},
  doi       = {10.1080/10556788.2021.1965601}
}

@inproceedings{agarwal2011infinite,
  author       = {Agarwal, Shivani},
  title        = {The infinite push: A new support vector ranking algorithm that directly optimizes accuracy at the absolute top of the list},
  booktitle    = {Proceedings of the 2011 SIAM International Conference on Data Mining (SDM)},
  pages        = {839--850},
  year         = {2011},
  organization = {SIAM},
  doi          = {10.1137/1.9781611972818.72}
}

@book{aggarwal2021artificial,
  author    = {Aggarwal, Charu C},
  title     = {Artificial Intelligence},
  subtitle  = {A Textbook},
  year      = {2021},
  publisher = {Springer International Publishing},
  address   = {Cham},
  doi       = {10.1007/978-3-030-72357-6},
  isbn      = {978-3-030-72357-6}
}

@article{batmaz2019review,
  author    = {Batmaz, Zeynep and Yurekli, Ali and Bilge, Alper and Kaleli, Cihan},
  title     = {A review on deep learning for recommender systems: challenges and remedies},
  journal   = {Artificial Intelligence Review},
  volume    = {52},
  number    = {1},
  pages     = {1-37},
  year      = {2019},
  publisher = {Springer International Publishing},
  address   = {Cham},
  doi       = {10.1007/s10462-018-9654-y}
}

@article{bezanson2017julia,
  author    = {Bezanson, Jeff and Edelman, Alan and Karpinski, Stefan and Shah, Viral B},
  title     = {Julia: A fresh approach to numerical computing},
  journal   = {SIAM review},
  volume    = {59},
  number    = {1},
  pages     = {65-98},
  year      = {2017},
  publisher = {SIAM},
  doi       = {10.1137/141000671}
}

@inproceedings{boser1992training,
  author    = {Boser, Bernhard E and Guyon, Isabelle M and Vapnik, Vladimir N},
  title     = {A training algorithm for optimal margin classifiers},
  booktitle = {Proceedings of the Fifth Annual Workshop on Computational Learning Theory},
  pages     = {144--152},
  year      = {1992},
  publisher = {Association for Computing Machinery},
  address   = {New York, NY, USA},
  location  = {Pittsburgh, Pennsylvania, USA},
  series    = {COLT '92},
  doi       = {10.1145/130385.130401},
  isbn      = {089791497X}
}

@article{bottou2018optimization,
  author    = {Bottou, Léon and Curtis, Frank E and Nocedal, Jorge},
  title     = {Optimization methods for large-scale machine learning},
  journal   = {SIAM Review},
  volume    = {60},
  number    = {2},
  pages     = {223-311},
  year      = {2018},
  publisher = {SIAM},
  doi       = {10.1137/16M1080173}
}

@book{boyd2004convex,
  author    = {Boyd, Stephen and Vandenberghe, Lieven},
  title     = {Convex optimization},
  year      = {2004},
  publisher = {Cambridge University Press},
  edition   = {1},
  isbn      = {978-0521833783}
}

@inproceedings{boyd2012accuracy,
  author    = {Boyd, Stephen and Cortes, Corinna and Mohri, Mehryar and Radovanovic, Ana},
  booktitle = {Advances in neural information processing systems},
  title     = {Accuracy at the top},
  year      = {2012},
  volume    = {25},
  publisher = {Curran Associates, Inc.},
  editor    = {F. Pereira and C.J. Burges and L. Bottou and K.Q. Weinberger}
}

@article{bradley1997use,
  author    = {Bradley, Andrew P},
  title     = {The use of the area under the ROC curve in the evaluation of machine learning algorithms},
  journal   = {Pattern recognition},
  volume    = {30},
  number    = {7},
  pages     = {1145-1159},
  year      = {1997},
  publisher = {Elsevier},
  issn      = {0031-3203},
  doi       = {10.1016/S0031-3203(96)00142-2}
}

@inproceedings{brodersen2010balanced,
  title        = {The Balanced Accuracy and Its Posterior Distribution},
  author       = {Brodersen, Kay Henning and Ong, Cheng Soon and Stephan, Klaas Enno and Buhmann, Joachim M},
  booktitle    = {2010 20th International Conference on Pattern Recognition},
  pages        = {3121-3124},
  year         = {2010},
  organization = {IEEE},
  doi          = {10.1109/ICPR.2010.764}
}

@article{chang2008coordinate,
  title   = {Coordinate Descent Method for Large-scale l2-loss Linear Support Vector machines},
  author  = {Chang, Kai-Wei and Hsieh, Cho-Jui and Lin, Chih-Jen},
  journal = {Journal of Machine Learning Research},
  volume  = {9},
  number  = {7},
  pages   = {1369-1398},
  year    = {2008}
}

@article{chang2011libsvm,
  author    = {Chang, Chih-Chung and Lin, Chih-Jen},
  title     = {LIBSVM: A Library for Support Vector Machines},
  journal   = {ACM Transactions on Intelligent Systems and Technology (TIST)},
  volume    = {2},
  number    = {3},
  pages     = {1--27},
  year      = {2011},
  publisher = {Association for Computing Machinery},
  address   = {New York, NY, USA},
  issn      = {2157-6904},
  doi       = {10.1145/1961189.1961199}
}

@inproceedings{cogranne2020steganography,
  author    = {Cogranne, Rémi and Giboulot, Quentin and Bas, Patrick},
  title     = {Steganography by Minimizing Statistical Detectability: The Cases of JPEG and Color Images},
  booktitle = {Proceedings of the 2020 ACM Workshop on Information Hiding and Multimedia Security},
  pages     = {161-167},
  year      = {2020},
  series    = {IH\&MMSec '20},
  publisher = {Association for Computing Machinery},
  address   = {New York, NY, USA},
  location  = {Denver, CO, USA},
  isbn      = {9781450370509},
  doi       = {10.1145/3369412.3395075}
}

@article{cortes1995support,
  title     = {Support-vector networks},
  author    = {Cortes, Corinna and Vapnik, Vladimir},
  journal   = {Machine learning},
  volume    = {20},
  number    = {3},
  pages     = {273-297},
  year      = {1995},
  publisher = {Springer International Publishing},
  doi       = {10.1007/BF00994018}
}

@inproceedings{cortes2003auc,
  author    = {Cortes, Corinna and Mohri, Mehryar},
  title     = {AUC Optimization vs. Error Rate Minimization},
  booktitle = {Advances in Neural Information Processing Systems},
  editor    = {S. Thrun and L. Saul and B. Sch\"{o}lkopf},
  volume    = {16},
  year      = {2003},
  publisher = {MIT Press}
}

@article{demvsar2006statistical,
  author  = {Demšar, Janez},
  title   = {Statistical comparisons of classifiers over multiple data sets},
  journal = {Journal of Machine Learning Research},
  volume  = {7},
  pages   = {1--30},
  year    = {2006}
}

@article{deng2012mnist,
  author       = {Deng, Li},
  title        = {The MNIST Database of Handwritten Digit Images for Machine Learning Research [Best of the Web]},
  journal      = {IEEE Signal Processing Magazine},
  volume       = {29},
  number       = {6},
  pages        = {141-142},
  year         = {2012},
  doi          = {10.1109/MSP.2012.2211477},
  organization = {IEEE}
}

@inproceedings{eban2017scalable,
  author    = {Eban, Elad ET and Schain, Mariano and Mackey, Alan and Gordon, Ariel and Saurous, Rif A and Elidan, Gal},
  title     = {Scalable Learning of Non-Decomposable Objectives},
  booktitle = {Proceedings of the 20th International Conference on Artificial Intelligence and Statistics},
  volume    = {54},
  pages     = {832-840},
  year      = {2017},
  publisher = {PMLR},
  editor    = {Singh, Aarti and Zhu, Jerry},
  series    = {Proceedings of Machine Learning Research}
}

@book{egan1975signal,
  author    = {Egan, James P and Egan, James Pendleton},
  title     = {Signal detection theory and ROC-analysis},
  year      = {1975},
  publisher = {Academic press}
}

@article{fawcett2006introduction,
  author    = {Fawcett, Tom},
  title     = {An introduction to ROC analysis},
  journal   = {Pattern Recognition Letters},
  volume    = {27},
  number    = {8},
  pages     = {861-874},
  year      = {2006},
  publisher = {Elsevier},
  issn      = {0167-8655},
  doi       = {10.1016/j.patrec.2005.10.010}
}

@misc{innes2018fashionable,
  author        = {Innes, Michael and  Saba, Elliot and Fischer, Keno and Gandhi, Dhairya and Rudilosso, Marco Concetto and Joy, Neethu Mariya and Karmali, Tejan and Pal, Avik  and Shah, Viral},
  title         = {Fashionable Modelling with Flux},
  year          = {2018},
  archiveprefix = {arXiv},
  eprint        = {10.48550/ARXIV.1811.01457},
  copyright     = {arXiv.org perpetual, non-exclusive license}
}

@article{freund1997decision,
  author    = {Freund, Yoav and Schapire, Robert E},
  title     = {A Decision-Theoretic Generalization of On-Line Learning and an Application to Boosting},
  journal   = {Journal of Computer and System Sciences},
  volume    = {55},
  number    = {1},
  pages     = {119-139},
  year      = {1997},
  publisher = {Elsevier},
  issn      = {0022-0000},
  doi       = {https://doi.org/10.1006/jcss.1997.1504}
}

@article{freund2003efficient,
  author  = {Freund, Yoav and Iyer, Raj and Schapire, Robert E and Singer, Yoram},
  title   = {An Efficient Boosting Algorithm for Combining Preferences},
  journal = {Journal of Machine Learning Research},
  pages   = {933-969},
  volume  = {4},
  year    = {2003}
}

@inproceedings{fridrich2007statistically,
  author    = {Fridrich, Jessica and Pevný, Tomáš and Kodovský, Jan},
  title     = {Statistically Undetectable Jpeg Steganography: Dead Ends Challenges, and Opportunities},
  booktitle = {Proceedings of the 9th Workshop on Multimedia \& Security},
  pages     = {3-14},
  year      = {2007},
  publisher = {Association for Computing Machinery},
  address   = {New York, NY, USA},
  location  = {Dallas, Texas, USA},
  series    = {MM\&Sec '07},
  isbn      = {978-1-59-593857-2},
  doi       = {10.1145/1288869.1288872}
}

@article{friedman1940comparison,
  author    = {Friedman, Milton},
  title     = {A Comparison of Alternative Tests of Significance for the Problem of m Rankings},
  journal   = {The Annals of Mathematical Statistics},
  volume    = {11},
  number    = {1},
  pages     = {86-92},
  year      = {1940},
  publisher = {Institute of Mathematical Statistics},
  issn      = {00034851}
}

@inproceedings{giacinto2002intrusion,
  author       = {Giacinto, Giorgio and Roli, Fabio},
  title        = {Intrusion detection in computer networks by multiple classifier systems},
  booktitle    = {2002 International Conference on Pattern Recognition},
  volume       = {2},
  pages        = {390-393},
  year         = {2002},
  organization = {IEEE},
  doi          = {10.1109/ICPR.2002.1048321}
}

@inproceedings{glynn1996importance,
  author       = {Peter W. Glynn},
  title        = {Importance Sampling For Monte Carlo Estimation Of Quantiles},
  booktitle    = {Mathematical Methods in Stochastic Simulation and Experimental Design: Proceedings of the 2nd St. Petersburg Workshop on Simulation},
  publisher    = {Publishing House of Saint Petersburg University},
  year         = {1996},
  address      = {St Petersburg, Russia},
  pages        = {180-185},
  organization = {Citeseer}
}

@article{grill2016learning,
  author    = {Grill, Martin and Pevný, Tomáš},
  title     = {Learning combination of anomaly detectors for security domain},
  journal   = {Computer Networks},
  pages     = {55-63},
  publisher = {Elsevier},
  volume    = {107},
  year      = {2016},
  issn      = {1389-1286},
  doi       = {10.1016/j.comnet.2016.05.021}
}

@article{hanley1982meaning,
  title   = {The meaning and use of the area under a receiver operating characteristic (ROC) curve.},
  author  = {Hanley, James A and McNeil, Barbara J},
  journal = {Radiology},
  volume  = {143},
  number  = {1},
  pages   = {29--36},
  year    = {1982}
}

@article{hossin2015review,
  title     = {A review on evaluation metrics for data classification evaluations},
  author    = {Hossin, Mohammad and Sulaiman, Md Nasir},
  journal   = {International journal of data mining \& knowledge management process},
  volume    = {5},
  number    = {2},
  pages     = {1},
  year      = {2015},
  publisher = {Academy \& Industry Research Collaboration Center (AIRCC)}
}

@inproceedings{hsieh2008dual,
  title        = {A dual coordinate descent method for large-scale linear SVM},
  author       = {Hsieh, Cho-Jui and Chang, Kai-Wei and Lin, Chih-Jen and Keerthi, S Sathiya and Sundararajan, Sellamanickam},
  booktitle    = {Proceedings of the 25th international conference on Machine learning},
  pages        = {408--415},
  year         = {2008},
  organization = {ACM}
}

@inproceedings{joachims2002optimizing,
  title     = {Optimizing search engines using clickthrough data},
  author    = {Joachims, Thorsten},
  booktitle = {Proceedings of the eighth ACM SIGKDD international conference on Knowledge discovery and data mining},
  pages     = {133--142},
  year      = {2002}
}

@inproceedings{joachims2005svm,
  author    = {Joachims, Thorsten},
  title     = {A Support Vector Method for Multivariate Performance Measures},
  booktitle = {Proceedings of the 22nd International Conference on Machine Learning},
  series    = {ICML '05},
  year      = {2005},
  location  = {Bonn, Germany},
  pages     = {377--384},
  numpages  = {8},
  acmid     = {1102399},
  publisher = {ACM},
  address   = {New York, NY, USA}
}

@article{kaefer2005neural,
  title     = {A neural network application to consumer classification to improve the timing of direct marketing activities},
  author    = {Kaefer, Frederick and Heilman, Carrie M and Ramenofsky, Samuel D},
  journal   = {Computers \& Operations Research},
  volume    = {32},
  number    = {10},
  pages     = {2595--2615},
  year      = {2005},
  publisher = {Elsevier}
}

@article{kanamori2013conjugate,
  title     = {Conjugate relation between loss functions and uncertainty sets in classification problems},
  author    = {Kanamori, Takafumi and Takeda, Akiko and Suzuki, Taiji},
  journal   = {Journal of Machine Learning Research},
  volume    = {14},
  number    = {1},
  pages     = {1461--1504},
  year      = {2013},
  publisher = {JMLR. org}
}


@article{kingma2014adam,
  title   = {Adam: A method for stochastic optimization},
  author  = {Kingma, Diederik and Ba, Jimmy},
  journal = {arXiv preprint arXiv:1412.6980},
  year    = {2014}
}

@inproceedings{kodovsky2012steganalysis,
  title        = {Steganalysis of JPEG images using rich models},
  author       = {Kodovský, Jan and Fridrich, Jessica},
  booktitle    = {Media Watermarking, Security, and Forensics 2012},
  volume       = {8303},
  pages        = {81--93},
  year         = {2012},
  organization = {SPIE}
}

@book{krizhevsky2009learning,
  title     = {Learning multiple layers of features from tiny images},
  author    = {Krizhevsky, Alex and Hinton, Geoffrey and others},
  year      = {2009},
  publisher = {Citeseer}
}

@inproceedings{lapin2015top,
  title     = {Top-k multiclass SVM},
  author    = {Lapin, Maksim and Hein, Matthias and Schiele, Bernt},
  booktitle = {Advances in Neural Information Processing Systems},
  pages     = {325--333},
  year      = {2015}
}

@article{levy2016breast,
  title   = {Breast mass classification from mammograms using deep convolutional neural networks},
  author  = {Lévy, Daniel and Jain, Arzav},
  journal = {arXiv preprint arXiv:1612.00542},
  year    = {2016}
}

@inproceedings{li2014top,
  title     = {Top rank optimization in linear time},
  author    = {Li, Nan and Jin, Rong and Zhou, Zhi-Hua},
  booktitle = {Advances in neural information processing systems},
  series    = {NIPS'14},
  year      = {2014},
  location  = {Montreal, Canada},
  pages     = {1502--1510},
  numpages  = {9},
  acmid     = {2968994},
  publisher = {MIT Press},
  address   = {Cambridge, MA, USA}
}

@inproceedings{macha2017implementation,
  title        = {Implementation of predictive spectrum control of a lc filter using admm},
  author       = {Mácha, Václav and Šmídl, Václav and Peroutka, Zdeněk},
  booktitle    = {2017 IEEE International Symposium on Predictive Control of Electrical Drives and Power Electronics (PRECEDE)},
  pages        = {78--82},
  year         = {2017},
  organization = {IEEE}
}

@article{macha2020nonlinear,
  title   = {Nonlinear classifiers for ranking problems based on kernelized SVM},
  author  = {Mácha, Václav and Adam, Lukáš and Šmídl, Václav},
  journal = {arXiv preprint arXiv:2002.11436},
  year    = {2020}
}

@article{mackey2018constrained,
  title   = {Constrained Classification and Ranking via Quantiles},
  author  = {Mackey, Alan and Luo, Xiyang and Eban, Elad},
  journal = {arXiv preprint arXiv:1803.00067},
  year    = {2018}
}

@article{mandlik2021mill,
  title   = {Mill. jl and JsonGrinder. jl: automated differentiable feature extraction for learning from raw JSON data},
  author  = {Mandlik, Simon and Racinsky, Matej and Lisy, Viliam and Pevny, Tomas},
  journal = {arXiv preprint arXiv:2105.09107},
  year    = {2021}
}

@inproceedings{metz1978basic,
  title        = {Basic principles of ROC analysis},
  author       = {Metz, Charles E},
  booktitle    = {Seminars in nuclear medicine},
  volume       = {8},
  pages        = {283--298},
  year         = {1978},
  organization = {Elsevier}
}

@book{mitchell1997machine,
  title     = {Machine learning},
  author    = {Mitchell, Tom M and Mitchell, Tom M},
  volume    = {1},
  number    = {9},
  year      = {1997},
  publisher = {McGraw-hill New York}
}

@inproceedings{morkel2005overview,
  title     = {An overview of image steganography.},
  author    = {Morkel, Tayana and Eloff, Jan HP and Olivier, Martin S},
  booktitle = {ISSA},
  number    = {2},
  pages     = {1--11},
  year      = {2005}
}

@book{nemenyi1963distribution,
  title     = {Distribution-free multiple comparisons.},
  author    = {Nemenyi, Peter Bjorn},
  year      = {1963},
  publisher = {Princeton University}
}

@inproceedings{netzer2011reading,
  title     = {Reading digits in natural images with unsupervised feature learning},
  author    = {Netzer, Yuval and Wang, Tao and Coates, Adam and Bissacco, Alessandro and Wu, Bo and Ng, Andrew Y},
  booktitle = {Advances in neural information processing systems},
  series    = {NIPS'11},
  year      = {2011},
  pages     = {1502--1510},
  numpages  = {9}
}

@article{neyman1933ontheproblem,
  title     = {On the problem of the most efficient tests of statistical hypotheses},
  author    = {Neyman, Jerzy and Pearson, Egon Sharpe},
  journal   = {Philosophical Transactions of the Royal Society of London. Series A, Containing Papers of a Mathematical or Physical Character},
  volume    = {231},
  number    = {694-706},
  pages     = {289--337},
  year      = {1933},
  publisher = {The Royal Society London}
}

@book{nocedal2006numerical,
  title     = {Numerical optimization},
  author    = {Nocedal, Jorge and Wright, Stephen},
  year      = {2006},
  publisher = {Springer Science \& Business Media}
}


@article{ogryczak2003minimizing,
  title     = {Minimizing the sum of the k largest functions in linear time},
  author    = {Ogryczak, Wlodzimierz and Tamir, Arie},
  journal   = {Information Processing Letters},
  volume    = {85},
  number    = {3},
  pages     = {117--122},
  year      = {2003},
  publisher = {Elsevier}
}

@inproceedings{pantel1998spamcop,
  title     = {Spamcop: A spam classification \& organization program},
  author    = {Pantel, Patrick and Lin, Dekang and others},
  booktitle = {Proceedings of AAAI-98 Workshop on Learning for Text Categorization},
  pages     = {95--98},
  year      = {1998}
}

@inproceedings{pevny2017using,
  title        = {Using neural network formalism to solve multiple-instance problems},
  author       = {Pevný, Tomáš and Somol, Petr},
  booktitle    = {International Symposium on Neural Networks},
  pages        = {135--142},
  year         = {2017},
  organization = {Springer}
}


@article{rudin2009pnorm,
  author     = {Rudin, Cynthia},
  title      = {The P-Norm Push: A Simple Convex Ranking Algorithm That Concentrates at the Top of the List},
  journal    = {J. Mach. Learn. Res.},
  issue_date = {12/1/2009},
  volume     = {10},
  month      = dec,
  year       = {2009},
  issn       = {1532-4435},
  pages      = {2233--2271}
}


@article{scarfone2007guide,
  title   = {Guide to intrusion detection and prevention systems (idps)},
  author  = {Scarfone, Karen and Mell, Peter and others},
  journal = {NIST special publication},
  volume  = {800},
  number  = {2007},
  pages   = {94},
  year    = {2007}
}

@article{schmidt2017minimizing,
  title     = {Minimizing finite sums with the stochastic average gradient},
  author    = {Schmidt, Mark and Le Roux, Nicolas and Bach, Francis},
  journal   = {Mathematical Programming},
  volume    = {162},
  number    = {1-2},
  pages     = {83--112},
  year      = {2017},
  publisher = {Springer}
}

@book{scholkopf2001learning,
  title     = {Learning with kernels: support vector machines, regularization, optimization, and beyond},
  author    = {Scholkopf, Bernhard and Smola, Alexander J},
  year      = {2001},
  publisher = {MIT press}
}

@article{shanbhag2009accurate,
  title     = {Accurate anomaly detection through parallelism},
  author    = {Shanbhag, Shashank and Wolf, Tilman},
  journal   = {IEEE network},
  volume    = {23},
  number    = {1},
  pages     = {22--28},
  year      = {2009},
  publisher = {IEEE}
}

@inproceedings{shnlev2014accelerated,
  title     = {Accelerated proximal stochastic dual coordinate ascent for regularized loss minimization},
  author    = {Shnlev-Shwartz, Shai and Zhang, Tong},
  booktitle = {31st International Conference on Machine Learning, ICML 2014},
  volume    = {1},
  pages     = {111},
  year      = {2014}
}

@article{sigillito1989classification,
  title   = {Classification of radar returns from the ionosphere using neural networks},
  author  = {Sigillito, Vincent G and Wing, Simon P and Hutton, Larrie V and Baker, Kile B},
  journal = {Johns Hopkins APL Technical Digest},
  volume  = {10},
  number  = {3},
  pages   = {262--266},
  year    = {1989}
}

@article{silman2001steganography,
  title   = {Steganography and steganalysis: an overview},
  author  = {Silman, Joshua},
  journal = {Sans Institute},
  volume  = {3},
  pages   = {61--76},
  year    = {2001}
}

@inproceedings{swaminathan2019autonomous,
  author    = {Swaminathan, Vaibhav and Arora, Shrey and Bansal, Ravi and Rajalakshmi, R},
  booktitle = {2019 International Conference on Computational Intelligence in Data Science (ICCIDS)},
  title     = {Autonomous Driving System with Road Sign Recognition using Convolutional Neural Networks},
  year      = {2019},
  volume    = {},
  number    = {},
  pages     = {1-4},
  doi       = {10.1109/ICCIDS.2019.8862152}
}

@inproceedings{tan2019efficientnet,
  title        = {Efficientnet: Rethinking model scaling for convolutional neural networks},
  author       = {Tan, Mingxing and Le, Quoc},
  booktitle    = {International Conference on Machine Learning},
  pages        = {6105--6114},
  year         = {2019},
  organization = {PMLR}
}

@article{tasche2018plug,
  title   = {A plug-in approach to maximising precision at the top and recall at the top},
  author  = {Tasche, Dirk},
  journal = {arXiv preprint arXiv:1804.03077},
  year    = {2018}
}


@article{viale2012current,
  title     = {The current state of breast cancer classification},
  author    = {Viale, Giuseppe},
  journal   = {Annals of Oncology},
  volume    = {23},
  pages     = {207-210},
  year      = {2012},
  publisher = {Elsevier}
}

@inproceedings{vsmidl2015predictive,
  title        = {Predictive current limiter for LQ based control of AC drives},
  author       = {Šmídl, Václav and Mácha, Václav and Janouš, Štěpán and Peroutka, Zdeněk},
  booktitle    = {2015 IEEE International Symposium on Predictive Control of Electrical Drives and Power Electronics (PRECEDE)},
  pages        = {55--60},
  year         = {2015},
  organization = {IEEE}
}

@inproceedings{vsmidl2016analysis,
  title        = {Analysis of cost functions and setpoints for predictive speed control of PMSM drives},
  author       = {Šmídl, Václav and Macha, Vaclav and Janouš, Štěpán and Peroutka, Zdenˇek},
  booktitle    = {2016 18th European Conference on Power Electronics and Applications (EPE'16 ECCE Europe)},
  pages        = {1--8},
  year         = {2016},
  organization = {IEEE}
}


@article{werner2019review,
  title   = {A review on ranking problems in statistical learning},
  author  = {Werner, Tino},
  journal = {arXiv preprint arXiv:1909.02998},
  year    = {2019}
}

@article{xiao2017fashionmnist,
  title   = {Fashion-mnist: a novel image dataset for benchmarking machine learning algorithms},
  author  = {Xiao, Han and Rasul, Kashif and Vollgraf, Roland},
  journal = {arXiv preprint arXiv:1708.07747},
  year    = {2017}
}

@article{you2019large,
  title   = {Large batch optimization for deep learning: Training bert in 76 minutes},
  author  = {You, Yang and Li, Jing and Reddi, Sashank and Hseu, Jonathan and Kumar, Sanjiv and Bhojanapalli, Srinadh and Song, Xiaodan and Demmel, James and Keutzer, Kurt and Hsieh, Cho-Jui},
  journal = {arXiv preprint arXiv:1904.00962},
  year    = {2019}
}

@inproceedings{zhang2007building,
  title        = {Building personalized recommendation system in e-commerce using association rule-based mining and classification},
  author       = {Zhang, Xi-Zheng},
  booktitle    = {2007 International Conference on Machine Learning and Cybernetics},
  volume       = {7},
  pages        = {4113--4118},
  year         = {2007},
  organization = {IEEE}
}

@article{zhang2018tau,
  title   = {$tau$-FPL: Tolerance-Constrained Learning in Linear Time},
  author  = {Zhang, Ao and Li, Nan and Pu, Jian and Wang, Jun and Yan, Junchi and Zha, Hongyuan},
  journal = {arXiv preprint arXiv:1801.04701},
  year    = {2018}
}

@manual{libjpeg2014,
  title  = {Libjpeg},
  author = {The Independent JPEG Group's JPEG software},
  url    = {https://github.com/LuaDist/libjpeg},
  year   = {2014}
}

@article{innes2018flux,
  author  = {Mike Innes},
  title   = {Flux: Elegant Machine Learning with Julia},
  journal = {Journal of Open Source Software},
  year    = {2018},
  doi     = {10.21105/joss.00602}
}